<?xml version="1.0" encoding="UTF-8"?><collection xmlns="http://www.loc.gov/MARC21/slim"><record><leader>00545nam--2200181-u-4500</leader><controlfield tag="001">000052961</controlfield><controlfield tag="002">20161230</controlfield><controlfield tag="005">20161230201050</controlfield><controlfield tag="008">101214s1000------------r-----000-0-fre-d</controlfield><datafield ind1=" " ind2=" " tag="040"><subfield code="a">IFIN-HH</subfield></datafield><datafield ind1=" " ind2=" " tag="041"><subfield code="a">fre</subfield></datafield><datafield ind1=" " ind2=" " tag="080"><subfield code="a">535.33:681.3.05(043)</subfield></datafield><datafield ind1="1" ind2=" " tag="100"><subfield code="a">Jalabert-scoupe, Catherine</subfield></datafield><datafield ind1="1" ind2="0" tag="245"><subfield code="a">Reseau de gestion automatique de fichiers d'analyses spectrales (collectes et rappels)</subfield><subfield code="c">Catherine jalabert-scoupe</subfield></datafield><datafield ind1=" " ind2=" " tag="260"><subfield code="a">Paris</subfield><subfield code="b">Universite De Paris-sud</subfield><subfield code="c">1977</subfield></datafield><datafield ind1=" " ind2=" " tag="300"><subfield code="a">122P</subfield></datafield><datafield ind1=" " ind2=" " tag="852"><subfield code="a">46409</subfield><subfield code="c">535.33</subfield></datafield><datafield ind1=" " ind2=" " tag="CAT"><subfield code="a">Sys</subfield><subfield code="c">20101214</subfield><subfield code="h">143300</subfield></datafield></record></collection>